<?xml version='1.0' encoding='utf-8'?>
<record xmlns="http://www.loc.gov/MARC21/slim" xmlns:xsi="http://www.w3.org/2001/XMLSchema-instance">
  <leader>^^^^^ngm^a2200301^a^4500</leader>
  <controlfield tag="001">003930525</controlfield>
  <controlfield tag="005">19970929000000.0</controlfield>
  <controlfield tag="007">vf|cbahom</controlfield>
  <controlfield tag="008">951020s1995^^^^miunnn|^^^^^^^^^^^vneng^d</controlfield>
  <datafield tag="035" ind1=" " ind2=" ">
    <subfield code="a">(OCoLC)ocm80095164</subfield>
  </datafield>
  <datafield tag="040" ind1=" " ind2=" ">
    <subfield code="a">MiU-H</subfield>
    <subfield code="c">MiU-H</subfield>
  </datafield>
  <datafield tag="245" ind1="0" ind2="0">
    <subfield code="a">Building the tunnel :</subfield>
    <subfield code="b">the new St. Clair Tunnel Port Huron, Michigan to Sarnia, Ontario.</subfield>
  </datafield>
  <datafield tag="260" ind1=" " ind2=" ">
    <subfield code="a">Okemos, Mich. :</subfield>
    <subfield code="b">LTS Productions,</subfield>
    <subfield code="c">1995.</subfield>
  </datafield>
  <datafield tag="300" ind1=" " ind2=" ">
    <subfield code="a">1 videocassette (20 min.) :</subfield>
    <subfield code="b">sd., col. ;</subfield>
    <subfield code="c">1/2 in.</subfield>
  </datafield>
  <datafield tag="520" ind1=" " ind2=" ">
    <subfield code="a">Videocassette (VHS) detailing the construction of an underwater railroad tunnel linking Port Huron, Michigan and Sarnia, Ontario.</subfield>
  </datafield>
  <datafield tag="500" ind1=" " ind2=" ">
    <subfield code="a">Donor: 3857</subfield>
  </datafield>
  <datafield tag="650" ind1=" " ind2="7">
    <subfield code="a">Tunnels</subfield>
    <subfield code="z">Saint Clair River (Mich. and Ont.).</subfield>
    <subfield code="2">lctgm</subfield>
  </datafield>
  <datafield tag="650" ind1=" " ind2="0">
    <subfield code="a">Tunneling</subfield>
    <subfield code="z">Saint Clair River (Mich. and Ont.).</subfield>
    <subfield code="2">lctgm</subfield>
  </datafield>
  <datafield tag="650" ind1=" " ind2="0">
    <subfield code="a">Railroad tunnels</subfield>
    <subfield code="z">Saint Clair River (Mich. and Ont.)</subfield>
  </datafield>
  <datafield tag="655" ind1=" " ind2="7">
    <subfield code="a">Videotapes.</subfield>
    <subfield code="2">aat</subfield>
  </datafield>
  <datafield tag="650" ind1=" " ind2="0">
    <subfield code="a">Underwater tunnels</subfield>
    <subfield code="z">Saint Clair River (Mich. and Ont.)</subfield>
  </datafield>
  <datafield tag="651" ind1=" " ind2="0">
    <subfield code="a">Saint Clair River (Mich. and Ont.)</subfield>
  </datafield>
  <datafield tag="651" ind1=" " ind2="0">
    <subfield code="a">Saint Clair Tunnel (Mich. and Ont.)</subfield>
  </datafield>
  <datafield tag="710" ind1="2" ind2=" ">
    <subfield code="a">Canadian National North America.</subfield>
  </datafield>
  <datafield tag="852" ind1="8" ind2=" ">
    <subfield code="a">MiU-H</subfield>
    <subfield code="b">BENT</subfield>
    <subfield code="h">9562 Bb 2</subfield>
  </datafield>
  <datafield tag="998" ind1=" " ind2=" ">
    <subfield code="c">TEP</subfield>
  </datafield>
  <datafield tag="955" ind1=" " ind2=" ">
    <subfield code="b">BENT</subfield>
    <subfield code="p">B1678219</subfield>
  </datafield>
</record>
